@misc{wiki:1,
	author = "Wikipedia",
	title = "Distribución T de Student --- Wikipedia{,} La enciclopedia libre",
	year = "2017",
	url = "https://es.wikipedia.org/wiki/Distribuci%C3%B3n_t_de_Student",
	note = "[Internet; descargado 4-mayo-2017]"
},
@misc{wiki:2,
	author = "Wikipedia",
	title = "Distribución F--- Wikipedia{,} La enciclopedia libre",
	year = "2016",
	url = "https://es.wikipedia.org/wiki/Distribuci%C3%B3n_F",
	note = "[Internet; descargado 5-mayo-2017]"
},
@misc{wiki:3,
	author = "Wikipedia",
	title = "Distribución Gamma--- Wikipedia{,} La enciclopedia libre",
	year = "2016",
	url = "https://es.wikipedia.org/wiki/Distribuci%C3%B3n_gamma",
	note = "[Internet; descargado 5-mayo-2017]"
},
@misc{wiki:4,
	author = "Wikipedia",
	title = "Distribución Ji cuadrada--- Wikipedia{,} La enciclopedia libre",
	year = "2016",
	url = "https://es.wikipedia.org/wiki/Distribuci%C3%B3n_%CF%87%C2%B2",
	note = "[Internet; descargado 5-mayo-2017]"
},
@misc{wiki:5,
	author = "Wikipedia",
	title = "Distribución de Laplace --- Wikipedia{,} La enciclopedia libre",
	year = "2016",
	url = "https://es.wikipedia.org/wiki/Distribuci%C3%B3n_de_Laplace",
	note = "[Internet; descargado 5-mayo-2017]"
}